@article{zubradt2017dms,
  title={DMS-MaPseq for genome-wide or targeted RNA structure probing in vivo},
  author={Zubradt, M. et al},
  journal={Nature methods},
  volume={14},
  number={1},
  pages={75--82},
  year={2017},
  publisher={Nature Research}
}

@inproceedings{xie2016unsupervised,
  title={Unsupervised deep embedding for clustering analysis},
  author={Xie, J. et al},
  booktitle={Int'l Conference on Machine Learning (ICML)},
  year={2016}
}

@article{maaten2008visualizing,
  title={Visualizing data using t-SNE},
  author={Maaten, L. et al},
  journal={Journal of Machine Learning Research},
  volume={9},
  number={Nov},
  year={2008}
}

@article{kruskal1964nonmetric,
  title={Nonmetric multidimensional scaling: a numerical method},
  author={Kruskal, J},
  journal={Psychometrika},
  year={1964},
}